
   <marc:record>
      <marc:leader>     cam a22        4500</marc:leader>
      <marc:controlfield tag="001">302856544</marc:controlfield>
      <marc:controlfield tag="003">DE-576</marc:controlfield>
      <marc:controlfield tag="005">20181124101342.0</marc:controlfield>
      <marc:controlfield tag="007">tu</marc:controlfield>
      <marc:controlfield tag="008">090211s1940    xx |||||      00| ||ger c</marc:controlfield>
      <marc:datafield tag="035" ind1=" " ind2=" ">
         <marc:subfield code="a">(DE-627)1372856544</marc:subfield>
      </marc:datafield>
      <marc:datafield tag="035" ind1=" " ind2=" ">
         <marc:subfield code="a">(DE-576)302856544</marc:subfield>
      </marc:datafield>
      <marc:datafield tag="035" ind1=" " ind2=" ">
         <marc:subfield code="a">(DE-599)BSZ302856544</marc:subfield>
      </marc:datafield>
      <marc:datafield tag="035" ind1=" " ind2=" ">
         <marc:subfield code="a">(OCoLC)252687248</marc:subfield>
      </marc:datafield>
      <marc:datafield tag="040" ind1=" " ind2=" ">
         <marc:subfield code="a">DE-576</marc:subfield>
         <marc:subfield code="b">ger</marc:subfield>
         <marc:subfield code="c">DE-576</marc:subfield>
         <marc:subfield code="e">rda</marc:subfield>
      </marc:datafield>
      <marc:datafield tag="041" ind1=" " ind2=" ">
         <marc:subfield code="a">ger</marc:subfield>
      </marc:datafield>
      <marc:datafield tag="084" ind1=" " ind2=" ">
         <marc:subfield code="a">LI 38304</marc:subfield>
         <marc:subfield code="2">rvk</marc:subfield>
         <marc:subfield code="0">(DE-625)rvk/96195:13282</marc:subfield>
      </marc:datafield>
      <marc:datafield tag="084" ind1=" " ind2=" ">
         <marc:subfield code="a">LI 38302</marc:subfield>
         <marc:subfield code="2">rvk</marc:subfield>
         <marc:subfield code="0">(DE-625)rvk/96195:13280</marc:subfield>
      </marc:datafield>
      <marc:datafield tag="084" ind1=" " ind2=" ">
         <marc:subfield code="a">LI 38300</marc:subfield>
         <marc:subfield code="2">rvk</marc:subfield>
         <marc:subfield code="0">(DE-625)rvk/96195:13278</marc:subfield>
      </marc:datafield>
      <marc:datafield tag="084" ind1=" " ind2=" ">
         <marc:subfield code="a">LI 38305</marc:subfield>
         <marc:subfield code="2">rvk</marc:subfield>
         <marc:subfield code="0">(DE-625)rvk/96195:13283</marc:subfield>
      </marc:datafield>
      <marc:datafield tag="100" ind1="1" ind2=" ">
         <marc:subfield code="a">Plietzsch, Eduard</marc:subfield>
         <marc:subfield code="d">1886-1961</marc:subfield>
         <marc:subfield code="e">VerfasserIn</marc:subfield>
         <marc:subfield code="0">(DE-588)119452995</marc:subfield>
         <marc:subfield code="0">(DE-627)080267270</marc:subfield>
         <marc:subfield code="0">(DE-576)162574975</marc:subfield>
         <marc:subfield code="4">aut</marc:subfield>
      </marc:datafield>
      <marc:datafield tag="245" ind1="1" ind2="0">
         <marc:subfield code="a">Frans Hals</marc:subfield>
         <marc:subfield code="c">Eduard Plietzsch</marc:subfield>
      </marc:datafield>
      <marc:datafield tag="264" ind1=" " ind2="1">
         <marc:subfield code="a">Burg b. M.</marc:subfield>
         <marc:subfield code="b">August Hopfer Verlag</marc:subfield>
         <marc:subfield code="c">[1940]</marc:subfield>
      </marc:datafield>
      <marc:datafield tag="300" ind1=" " ind2=" ">
         <marc:subfield code="a">48 Seiten</marc:subfield>
         <marc:subfield code="b">Illustrationen</marc:subfield>
      </marc:datafield>
      <marc:datafield tag="336" ind1=" " ind2=" ">
         <marc:subfield code="a">Text</marc:subfield>
         <marc:subfield code="b">txt</marc:subfield>
         <marc:subfield code="2">rdacontent</marc:subfield>
      </marc:datafield>
      <marc:datafield tag="336" ind1=" " ind2=" ">
         <marc:subfield code="a">unbewegtes Bild</marc:subfield>
         <marc:subfield code="b">sti</marc:subfield>
         <marc:subfield code="2">rdacontent</marc:subfield>
      </marc:datafield>
      <marc:datafield tag="337" ind1=" " ind2=" ">
         <marc:subfield code="a">ohne Hilfsmittel zu benutzen</marc:subfield>
         <marc:subfield code="b">n</marc:subfield>
         <marc:subfield code="2">rdamedia</marc:subfield>
      </marc:datafield>
      <marc:datafield tag="338" ind1=" " ind2=" ">
         <marc:subfield code="a">Band</marc:subfield>
         <marc:subfield code="b">nc</marc:subfield>
         <marc:subfield code="2">rdacarrier</marc:subfield>
      </marc:datafield>
      <marc:datafield tag="490" ind1="0" ind2=" ">
         <marc:subfield code="a">Heimbücher der Kunst</marc:subfield>
      </marc:datafield>
      <marc:datafield tag="591" ind1=" " ind2=" ">
         <marc:subfield code="a">5090 maschinell aus ähnlichen Titelaufnahmen ergänzt (SWB)</marc:subfield>
      </marc:datafield>
      <marc:datafield tag="700" ind1="1" ind2=" ">
         <marc:subfield code="a">Hals, Frans</marc:subfield>
         <marc:subfield code="d">1581-1666</marc:subfield>
         <marc:subfield code="e">KünstlerIn</marc:subfield>
         <marc:subfield code="0">(DE-588)118545221</marc:subfield>
         <marc:subfield code="0">(DE-627)079343678</marc:subfield>
         <marc:subfield code="0">(DE-576)161283659</marc:subfield>
         <marc:subfield code="4">art</marc:subfield>
      </marc:datafield>
      <marc:datafield tag="936" ind1="r" ind2="v">
         <marc:subfield code="a">LI 38304</marc:subfield>
         <marc:subfield code="b">Dokumente zu Leben und Werk</marc:subfield>
         <marc:subfield code="k">Kunstgeschichte</marc:subfield>
         <marc:subfield code="k">Künstler-Monografien</marc:subfield>
         <marc:subfield code="k">Alphabetische Künstlerliste</marc:subfield>
         <marc:subfield code="k">Künstler H</marc:subfield>
         <marc:subfield code="k">Hals, Frans (bis 38310)</marc:subfield>
         <marc:subfield code="k">Dokumente zu Leben und Werk</marc:subfield>
         <marc:subfield code="0">(DE-627)1274796164</marc:subfield>
         <marc:subfield code="0">(DE-625)rvk/96195:13282</marc:subfield>
         <marc:subfield code="0">(DE-576)204796164</marc:subfield>
      </marc:datafield>
      <marc:datafield tag="936" ind1="r" ind2="v">
         <marc:subfield code="a">LI 38302</marc:subfield>
         <marc:subfield code="b">reine Abbildungswerke: Bildbände, Bildmappen (sofern sie das Gesamtwerk oder eine Auswahl aus dem Gesamtwerk reproduzieren)</marc:subfield>
         <marc:subfield code="k">Kunstgeschichte</marc:subfield>
         <marc:subfield code="k">Künstler-Monografien</marc:subfield>
         <marc:subfield code="k">Alphabetische Künstlerliste</marc:subfield>
         <marc:subfield code="k">Künstler H</marc:subfield>
         <marc:subfield code="k">Hals, Frans (bis 38310)</marc:subfield>
         <marc:subfield code="k">reine Abbildungswerke: Bildbände, Bildmappen (sofern sie das Gesamtwerk oder eine Auswahl aus dem Gesamtwerk reproduzieren)</marc:subfield>
         <marc:subfield code="0">(DE-627)1272156842</marc:subfield>
         <marc:subfield code="0">(DE-625)rvk/96195:13280</marc:subfield>
         <marc:subfield code="0">(DE-576)202156842</marc:subfield>
      </marc:datafield>
      <marc:datafield tag="936" ind1="r" ind2="v">
         <marc:subfield code="a">LI 38300</marc:subfield>
         <marc:subfield code="b">Werkverzeichnisse, Ausstellungskataloge. Personalbibliografien</marc:subfield>
         <marc:subfield code="k">Kunstgeschichte</marc:subfield>
         <marc:subfield code="k">Künstler-Monografien</marc:subfield>
         <marc:subfield code="k">Alphabetische Künstlerliste</marc:subfield>
         <marc:subfield code="k">Künstler H</marc:subfield>
         <marc:subfield code="k">Hals, Frans (bis 38310)</marc:subfield>
         <marc:subfield code="k">Werkverzeichnisse, Ausstellungskataloge. Personalbibliografien</marc:subfield>
         <marc:subfield code="0">(DE-627)1271132958</marc:subfield>
         <marc:subfield code="0">(DE-625)rvk/96195:13278</marc:subfield>
         <marc:subfield code="0">(DE-576)201132958</marc:subfield>
      </marc:datafield>
      <marc:datafield tag="936" ind1="r" ind2="v">
         <marc:subfield code="a">LI 38305</marc:subfield>
         <marc:subfield code="b">Biografien, Werkdarstellungen, Gedenkreden und andere Gesamtwürdigungen (Sammelwerke, Festschriften etc.)</marc:subfield>
         <marc:subfield code="k">Kunstgeschichte</marc:subfield>
         <marc:subfield code="k">Künstler-Monografien</marc:subfield>
         <marc:subfield code="k">Alphabetische Künstlerliste</marc:subfield>
         <marc:subfield code="k">Künstler H</marc:subfield>
         <marc:subfield code="k">Hals, Frans (bis 38310)</marc:subfield>
         <marc:subfield code="k">Biografien, Werkdarstellungen, Gedenkreden und andere Gesamtwürdigungen (Sammelwerke, Festschriften etc.)</marc:subfield>
         <marc:subfield code="0">(DE-627)1271913070</marc:subfield>
         <marc:subfield code="0">(DE-625)rvk/96195:13283</marc:subfield>
         <marc:subfield code="0">(DE-576)201913070</marc:subfield>
      </marc:datafield>
      <marc:datafield tag="951" ind1=" " ind2=" ">
         <marc:subfield code="a">BO</marc:subfield>
      </marc:datafield>
   </marc:record>