
   <marc:record>
      <marc:leader>     cam a22        4500</marc:leader>
      <marc:controlfield tag="001">276756401</marc:controlfield>
      <marc:controlfield tag="003">DE-576</marc:controlfield>
      <marc:controlfield tag="005">20201209132952.0</marc:controlfield>
      <marc:controlfield tag="007">tu</marc:controlfield>
      <marc:controlfield tag="008">080130s1985    xx |||||      00| ||ger c</marc:controlfield>
      <marc:datafield tag="035" ind1=" " ind2=" ">
         <marc:subfield code="a">(DE-627)1346756406</marc:subfield>
      </marc:datafield>
      <marc:datafield tag="035" ind1=" " ind2=" ">
         <marc:subfield code="a">(DE-576)276756401</marc:subfield>
      </marc:datafield>
      <marc:datafield tag="035" ind1=" " ind2=" ">
         <marc:subfield code="a">(DE-599)BSZ276756401</marc:subfield>
      </marc:datafield>
      <marc:datafield tag="035" ind1=" " ind2=" ">
         <marc:subfield code="a">(OCoLC)984698731</marc:subfield>
      </marc:datafield>
      <marc:datafield tag="035" ind1=" " ind2=" ">
         <marc:subfield code="a">(OCoLC)1050687371</marc:subfield>
      </marc:datafield>
      <marc:datafield tag="040" ind1=" " ind2=" ">
         <marc:subfield code="a">DE-576</marc:subfield>
         <marc:subfield code="b">ger</marc:subfield>
         <marc:subfield code="c">DE-576</marc:subfield>
         <marc:subfield code="e">rakwb</marc:subfield>
      </marc:datafield>
      <marc:datafield tag="041" ind1=" " ind2=" ">
         <marc:subfield code="a">ger</marc:subfield>
      </marc:datafield>
      <marc:datafield tag="084" ind1=" " ind2=" ">
         <marc:subfield code="a">MONTAN</marc:subfield>
         <marc:subfield code="q">DE-105</marc:subfield>
         <marc:subfield code="2">fid</marc:subfield>
      </marc:datafield>
      <marc:datafield tag="084" ind1=" " ind2=" ">
         <marc:subfield code="a">LC 26075</marc:subfield>
         <marc:subfield code="2">rvk</marc:subfield>
         <marc:subfield code="0">(DE-625)rvk/90635:796</marc:subfield>
      </marc:datafield>
      <marc:datafield tag="100" ind1="1" ind2=" ">
         <marc:subfield code="a">Stahl, Ernst</marc:subfield>
         <marc:subfield code="0">(DE-627)1233157213</marc:subfield>
         <marc:subfield code="0">(DE-576)163157219</marc:subfield>
         <marc:subfield code="4">aut</marc:subfield>
      </marc:datafield>
      <marc:datafield tag="245" ind1="1" ind2="0">
         <marc:subfield code="a">Bergleute in Thüringen</marc:subfield>
         <marc:subfield code="b">Ethnographische Studien zur Kultur und Lebensweise</marc:subfield>
         <marc:subfield code="c">Ernst Stahl</marc:subfield>
      </marc:datafield>
      <marc:datafield tag="264" ind1=" " ind2="1">
         <marc:subfield code="a">Suhl</marc:subfield>
         <marc:subfield code="b">Bezirkskabinett für Kulturarbeit, Bezirksfolklorezentrum</marc:subfield>
         <marc:subfield code="c">1985</marc:subfield>
      </marc:datafield>
      <marc:datafield tag="300" ind1=" " ind2=" ">
         <marc:subfield code="a">85 S.</marc:subfield>
         <marc:subfield code="b">Ill., Notenbeisp.</marc:subfield>
      </marc:datafield>
      <marc:datafield tag="336" ind1=" " ind2=" ">
         <marc:subfield code="a">Text</marc:subfield>
         <marc:subfield code="b">txt</marc:subfield>
         <marc:subfield code="2">rdacontent</marc:subfield>
      </marc:datafield>
      <marc:datafield tag="337" ind1=" " ind2=" ">
         <marc:subfield code="a">ohne Hilfsmittel zu benutzen</marc:subfield>
         <marc:subfield code="b">n</marc:subfield>
         <marc:subfield code="2">rdamedia</marc:subfield>
      </marc:datafield>
      <marc:datafield tag="338" ind1=" " ind2=" ">
         <marc:subfield code="a">Band</marc:subfield>
         <marc:subfield code="b">nc</marc:subfield>
         <marc:subfield code="2">rdacarrier</marc:subfield>
      </marc:datafield>
      <marc:datafield tag="583" ind1="1" ind2=" ">
         <marc:subfield code="a">Archivierung/Langzeitarchivierung geplant</marc:subfield>
         <marc:subfield code="c">20200919</marc:subfield>
         <marc:subfield code="f">DE-640</marc:subfield>
         <marc:subfield code="z">1</marc:subfield>
         <marc:subfield code="2">pdager</marc:subfield>
      </marc:datafield>
      <marc:datafield tag="591" ind1=" " ind2=" ">
         <marc:subfield code="a">IMD-Felder und 1131 maschinell ergänzt; 5550 : FGBA/wa (SWB)</marc:subfield>
      </marc:datafield>
      <marc:datafield tag="689" ind1="0" ind2="0">
         <marc:subfield code="D">g</marc:subfield>
         <marc:subfield code="0">(DE-588)4059979-6</marc:subfield>
         <marc:subfield code="0">(DE-627)106141384</marc:subfield>
         <marc:subfield code="0">(DE-576)20913321X</marc:subfield>
         <marc:subfield code="a">Thüringen</marc:subfield>
         <marc:subfield code="2">gnd</marc:subfield>
      </marc:datafield>
      <marc:datafield tag="689" ind1="0" ind2="1">
         <marc:subfield code="D">s</marc:subfield>
         <marc:subfield code="0">(DE-588)4005674-0</marc:subfield>
         <marc:subfield code="0">(DE-627)106380281</marc:subfield>
         <marc:subfield code="0">(DE-576)208862293</marc:subfield>
         <marc:subfield code="a">Bergmann</marc:subfield>
         <marc:subfield code="2">gnd</marc:subfield>
      </marc:datafield>
      <marc:datafield tag="689" ind1="0" ind2="2">
         <marc:subfield code="D">s</marc:subfield>
         <marc:subfield code="0">(DE-588)4144649-5</marc:subfield>
         <marc:subfield code="0">(DE-627)104369841</marc:subfield>
         <marc:subfield code="0">(DE-576)209735511</marc:subfield>
         <marc:subfield code="a">Bergmannstracht</marc:subfield>
         <marc:subfield code="2">gnd</marc:subfield>
      </marc:datafield>
      <marc:datafield tag="689" ind1="0" ind2="3">
         <marc:subfield code="D">s</marc:subfield>
         <marc:subfield code="0">(DE-588)4138712-0</marc:subfield>
         <marc:subfield code="0">(DE-627)105640603</marc:subfield>
         <marc:subfield code="0">(DE-576)209688394</marc:subfield>
         <marc:subfield code="a">Grubenlampe</marc:subfield>
         <marc:subfield code="2">gnd</marc:subfield>
      </marc:datafield>
      <marc:datafield tag="689" ind1="0" ind2="4">
         <marc:subfield code="D">s</marc:subfield>
         <marc:subfield code="0">(DE-588)4065596-9</marc:subfield>
         <marc:subfield code="0">(DE-627)106118277</marc:subfield>
         <marc:subfield code="0">(DE-576)209159421</marc:subfield>
         <marc:subfield code="a">Werkzeug</marc:subfield>
         <marc:subfield code="2">gnd</marc:subfield>
      </marc:datafield>
      <marc:datafield tag="689" ind1="0" ind2="5">
         <marc:subfield code="A">z</marc:subfield>
         <marc:subfield code="2">gnd</marc:subfield>
         <marc:subfield code="a">Geschichte</marc:subfield>
      </marc:datafield>
      <marc:datafield tag="689" ind1="0" ind2=" ">
         <marc:subfield code="5">(DE-627)</marc:subfield>
      </marc:datafield>
      <marc:datafield tag="850" ind1=" " ind2=" ">
         <marc:subfield code="a">ab</marc:subfield>
      </marc:datafield>
      <marc:datafield tag="856" ind1="4" ind2="2">
         <marc:subfield code="u">http://d-nb.info/880733810/04</marc:subfield>
         <marc:subfield code="m">B:DE-101</marc:subfield>
         <marc:subfield code="q">application/pdf</marc:subfield>
         <marc:subfield code="3">Inhaltsverzeichnis</marc:subfield>
      </marc:datafield>
      <marc:datafield tag="936" ind1="r" ind2="v">
         <marc:subfield code="a">LC 26075</marc:subfield>
         <marc:subfield code="b">Thüringen</marc:subfield>
         <marc:subfield code="k">Ethnologie</marc:subfield>
         <marc:subfield code="k">Materielle Kultur und Wirtschaftsethnologie</marc:subfield>
         <marc:subfield code="k">Formen der Wirtschaft</marc:subfield>
         <marc:subfield code="k">Bergbau</marc:subfield>
         <marc:subfield code="k">Europa</marc:subfield>
         <marc:subfield code="k">Mitteleuropa</marc:subfield>
         <marc:subfield code="k">Deutschland</marc:subfield>
         <marc:subfield code="k">Mittel- und Westdeutschland</marc:subfield>
         <marc:subfield code="k">Thüringen</marc:subfield>
         <marc:subfield code="0">(DE-627)1272013944</marc:subfield>
         <marc:subfield code="0">(DE-625)rvk/90635:796</marc:subfield>
         <marc:subfield code="0">(DE-576)202013944</marc:subfield>
      </marc:datafield>
      <marc:datafield tag="951" ind1=" " ind2=" ">
         <marc:subfield code="a">BO</marc:subfield>
      </marc:datafield>
   </marc:record>